Trade_Time,Price_USD,Volume_BTC,Symbol
2025-09-30 01:47:06.601,114312.2,0.16,BTCUSDT
2025-09-30 01:47:06.601,114312.2,0.001,BTCUSDT
2025-09-30 01:47:06.601,114312.2,0.156,BTCUSDT
2025-09-30 01:47:06.601,114312.2,0.033,BTCUSDT
2025-09-30 01:47:06.798,114312.3,0.003,BTCUSDT
2025-09-30 01:47:06.901,114312.3,0.024,BTCUSDT
2025-09-30 01:47:06.917,114312.2,0.131,BTCUSDT
2025-09-30 01:47:06.917,114312.2,0.33,BTCUSDT
2025-09-30 01:47:06.917,114312.2,0.125,BTCUSDT
2025-09-30 01:47:06.917,114312.2,0.207,BTCUSDT
2025-09-30 01:47:06.917,114312.2,0.448,BTCUSDT
2025-09-30 01:47:06.917,114312.2,0.172,BTCUSDT
2025-09-30 01:47:07.057,114312.2,0.005,BTCUSDT
2025-09-30 01:47:07.057,114312.2,0.053,BTCUSDT
2025-09-30 01:47:07.057,114312.2,0.51,BTCUSDT
2025-09-30 01:47:07.057,114312.2,0.105,BTCUSDT
2025-09-30 01:47:07.371,114312.3,0.001,BTCUSDT
2025-09-30 01:47:07.559,114312.2,0.003,BTCUSDT
2025-09-30 01:47:07.949,114312.2,0.001,BTCUSDT
2025-09-30 01:47:07.949,114312.2,0.001,BTCUSDT
2025-09-30 01:47:07.975,114312.2,0.001,BTCUSDT
2025-09-30 01:47:07.975,114312.2,0.087,BTCUSDT
2025-09-30 01:47:07.975,114312.2,0.001,BTCUSDT
2025-09-30 01:47:07.975,114312.2,0.058,BTCUSDT
2025-09-30 01:47:07.975,114312.2,0.001,BTCUSDT
2025-09-30 01:47:07.975,114312.2,0.053,BTCUSDT
2025-09-30 01:47:07.975,114312.2,0.001,BTCUSDT
2025-09-30 01:47:07.975,114312.2,0.001,BTCUSDT
2025-09-30 01:47:07.975,114312.2,0.001,BTCUSDT
2025-09-30 01:47:07.975,114312.2,0.001,BTCUSDT
2025-09-30 01:47:07.975,114312.2,0.05,BTCUSDT
2025-09-30 01:47:07.975,114312.2,0.007,BTCUSDT
2025-09-30 01:47:07.975,114312.2,0.004,BTCUSDT
2025-09-30 01:47:07.975,114312.2,0.006,BTCUSDT
2025-09-30 01:47:07.975,114312.2,0.001,BTCUSDT
2025-09-30 01:47:07.975,114312.2,0.004,BTCUSDT
2025-09-30 01:47:07.975,114312.2,0.002,BTCUSDT
2025-09-30 01:47:07.975,114312.2,0.027,BTCUSDT
2025-09-30 01:47:07.975,114312.1,0.001,BTCUSDT
2025-09-30 01:47:07.975,114312.1,0.001,BTCUSDT
2025-09-30 01:47:07.975,114312.1,0.001,BTCUSDT
2025-09-30 01:47:07.975,114312.0,0.001,BTCUSDT
2025-09-30 01:47:07.975,114312.0,0.001,BTCUSDT
2025-09-30 01:47:07.975,114312.0,0.001,BTCUSDT
2025-09-30 01:47:07.975,114312.0,0.001,BTCUSDT
2025-09-30 01:47:07.975,114311.9,0.002,BTCUSDT
2025-09-30 01:47:07.975,114311.7,0.002,BTCUSDT
2025-09-30 01:47:07.975,114311.6,0.003,BTCUSDT
2025-09-30 01:47:07.975,114311.1,0.002,BTCUSDT
2025-09-30 01:47:07.975,114310.8,0.029,BTCUSDT
2025-09-30 01:47:07.975,114310.8,0.002,BTCUSDT
2025-09-30 01:47:07.975,114310.8,0.018,BTCUSDT
2025-09-30 01:47:07.975,114310.7,0.002,BTCUSDT
2025-09-30 01:47:07.975,114310.5,0.002,BTCUSDT
2025-09-30 01:47:07.975,114310.2,0.029,BTCUSDT
2025-09-30 01:47:07.975,114310.1,0.001,BTCUSDT
2025-09-30 01:47:07.975,114310.0,0.001,BTCUSDT
2025-09-30 01:47:07.975,114310.0,0.001,BTCUSDT
2025-09-30 01:47:07.975,114309.9,0.002,BTCUSDT
2025-09-30 01:47:07.980,114309.8,0.004,BTCUSDT
2025-09-30 01:47:07.980,114309.8,0.001,BTCUSDT
2025-09-30 01:47:07.980,114309.8,0.001,BTCUSDT
2025-09-30 01:47:07.980,114309.8,0.001,BTCUSDT
2025-09-30 01:47:07.980,114309.8,0.001,BTCUSDT
2025-09-30 01:47:07.980,114309.8,0.01,BTCUSDT
2025-09-30 01:47:07.981,114309.7,0.001,BTCUSDT
2025-09-30 01:47:07.981,114309.7,0.002,BTCUSDT
2025-09-30 01:47:07.981,114309.7,0.045,BTCUSDT
2025-09-30 01:47:07.981,114309.7,0.073,BTCUSDT
2025-09-30 01:47:07.981,114309.7,0.052,BTCUSDT
2025-09-30 01:47:07.983,114309.7,0.125,BTCUSDT
2025-09-30 01:47:07.995,114309.7,0.001,BTCUSDT
2025-09-30 01:47:07.995,114309.7,0.001,BTCUSDT
2025-09-30 01:47:07.995,114309.7,0.001,BTCUSDT
2025-09-30 01:47:07.995,114309.7,0.001,BTCUSDT
2025-09-30 01:47:08.004,114309.6,0.008,BTCUSDT
2025-09-30 01:47:08.004,114309.6,0.002,BTCUSDT
2025-09-30 01:47:08.004,114309.6,0.077,BTCUSDT
2025-09-30 01:47:08.004,114309.6,0.001,BTCUSDT
2025-09-30 01:47:08.004,114309.6,0.001,BTCUSDT
2025-09-30 01:47:08.004,114309.6,0.001,BTCUSDT
2025-09-30 01:47:08.008,114309.3,0.002,BTCUSDT
2025-09-30 01:47:08.008,114309.2,0.001,BTCUSDT
2025-09-30 01:47:08.008,114309.2,0.001,BTCUSDT
2025-09-30 01:47:08.008,114309.0,0.002,BTCUSDT
2025-09-30 01:47:08.015,114308.7,0.002,BTCUSDT
2025-09-30 01:47:08.015,114308.7,0.001,BTCUSDT
2025-09-30 01:47:08.015,114308.7,0.002,BTCUSDT
2025-09-30 01:47:08.015,114308.6,0.003,BTCUSDT
2025-09-30 01:47:08.015,114308.5,0.004,BTCUSDT
2025-09-30 01:47:08.015,114308.5,0.001,BTCUSDT
2025-09-30 01:47:08.015,114308.2,0.002,BTCUSDT
2025-09-30 01:47:08.015,114308.1,0.002,BTCUSDT
2025-09-30 01:47:08.015,114307.9,0.008,BTCUSDT
2025-09-30 01:47:08.015,114307.8,0.002,BTCUSDT
2025-09-30 01:47:08.035,114307.7,0.02,BTCUSDT
2025-09-30 01:47:08.035,114307.7,0.001,BTCUSDT
2025-09-30 01:47:08.035,114307.7,0.001,BTCUSDT
2025-09-30 01:47:08.035,114307.7,0.001,BTCUSDT
2025-09-30 01:47:08.035,114307.7,0.001,BTCUSDT
2025-09-30 01:47:08.035,114307.7,0.002,BTCUSDT
2025-09-30 01:47:08.035,114307.7,0.001,BTCUSDT
2025-09-30 01:47:08.035,114307.7,0.005,BTCUSDT
2025-09-30 01:47:08.035,114307.7,0.025,BTCUSDT
2025-09-30 01:47:08.035,114307.7,0.007,BTCUSDT
2025-09-30 01:47:08.041,114307.7,0.02,BTCUSDT
2025-09-30 01:47:08.042,114307.7,0.02,BTCUSDT
2025-09-30 01:47:08.064,114307.8,0.002,BTCUSDT
2025-09-30 01:47:08.079,114307.7,0.04,BTCUSDT
2025-09-30 01:47:08.079,114307.7,0.087,BTCUSDT
2025-09-30 01:47:08.079,114307.7,0.001,BTCUSDT
2025-09-30 01:47:08.079,114307.7,0.002,BTCUSDT
2025-09-30 01:47:08.209,114307.6,0.001,BTCUSDT
2025-09-30 01:47:08.209,114307.6,0.001,BTCUSDT
2025-09-30 01:47:08.209,114307.6,0.024,BTCUSDT
2025-09-30 01:47:08.449,114307.7,0.004,BTCUSDT
2025-09-30 01:47:08.632,114307.7,0.104,BTCUSDT
2025-09-30 01:47:08.724,114307.6,0.011,BTCUSDT
2025-09-30 01:47:09.033,114307.6,0.048,BTCUSDT
2025-09-30 01:47:09.033,114307.6,0.1,BTCUSDT
2025-09-30 01:47:09.067,114307.7,0.017,BTCUSDT
2025-09-30 01:47:09.272,114307.6,0.003,BTCUSDT
2025-09-30 01:47:09.588,114307.6,0.101,BTCUSDT
2025-09-30 01:47:09.735,114307.6,0.101,BTCUSDT
2025-09-30 01:47:09.938,114307.6,0.005,BTCUSDT
2025-09-30 01:47:09.950,114307.7,0.001,BTCUSDT
2025-09-30 01:47:10.036,114307.6,0.001,BTCUSDT
2025-09-30 01:47:10.036,114307.6,0.009,BTCUSDT
2025-09-30 01:47:10.236,114307.7,0.04,BTCUSDT
2025-09-30 01:47:10.302,114307.7,0.008,BTCUSDT
2025-09-30 01:47:10.338,114307.6,0.002,BTCUSDT
2025-09-30 01:47:10.574,114307.6,0.028,BTCUSDT
2025-09-30 01:47:10.677,114307.6,0.03,BTCUSDT
2025-09-30 01:47:10.753,114307.7,0.001,BTCUSDT
2025-09-30 01:47:10.909,114307.6,0.087,BTCUSDT
2025-09-30 01:47:11.032,114307.6,0.735,BTCUSDT
2025-09-30 01:47:11.032,114307.6,0.004,BTCUSDT
2025-09-30 01:47:11.032,114307.6,0.001,BTCUSDT
2025-09-30 01:47:11.032,114307.6,0.001,BTCUSDT
2025-09-30 01:47:11.032,114307.6,0.001,BTCUSDT
2025-09-30 01:47:11.032,114307.6,0.027,BTCUSDT
2025-09-30 01:47:11.032,114307.6,0.033,BTCUSDT
2025-09-30 01:47:11.032,114307.6,0.005,BTCUSDT
2025-09-30 01:47:11.032,114307.6,0.003,BTCUSDT
2025-09-30 01:47:11.032,114307.6,0.001,BTCUSDT
2025-09-30 01:47:11.032,114307.6,0.078,BTCUSDT
2025-09-30 01:47:11.032,114307.6,0.015,BTCUSDT
2025-09-30 01:47:11.032,114307.6,0.02,BTCUSDT
2025-09-30 01:47:11.032,114307.6,0.004,BTCUSDT
2025-09-30 01:47:11.032,114307.6,0.45,BTCUSDT
2025-09-30 01:47:11.032,114307.6,0.002,BTCUSDT
2025-09-30 01:47:11.032,114307.6,0.002,BTCUSDT
2025-09-30 01:47:11.032,114307.6,0.004,BTCUSDT
2025-09-30 01:47:11.032,114307.6,0.03,BTCUSDT
2025-09-30 01:47:11.032,114307.5,0.002,BTCUSDT
2025-09-30 01:47:11.032,114307.5,0.001,BTCUSDT
2025-09-30 01:47:11.032,114307.5,0.001,BTCUSDT
2025-09-30 01:47:11.032,114307.5,0.001,BTCUSDT
2025-09-30 01:47:11.032,114307.5,0.002,BTCUSDT
2025-09-30 01:47:11.032,114307.4,0.002,BTCUSDT
2025-09-30 01:47:11.032,114307.3,0.002,BTCUSDT
2025-09-30 01:47:11.032,114307.3,0.002,BTCUSDT
2025-09-30 01:47:11.032,114307.3,0.002,BTCUSDT
2025-09-30 01:47:11.032,114307.3,0.002,BTCUSDT
2025-09-30 01:47:11.032,114307.3,0.002,BTCUSDT
2025-09-30 01:47:11.032,114307.3,0.002,BTCUSDT
2025-09-30 01:47:11.032,114307.3,0.002,BTCUSDT
2025-09-30 01:47:11.032,114307.3,0.002,BTCUSDT
2025-09-30 01:47:11.032,114307.2,0.001,BTCUSDT
2025-09-30 01:47:11.032,114307.2,0.002,BTCUSDT
2025-09-30 01:47:11.032,114307.0,0.004,BTCUSDT
2025-09-30 01:47:11.032,114306.9,0.002,BTCUSDT
2025-09-30 01:47:11.032,114306.9,0.002,BTCUSDT
2025-09-30 01:47:11.032,114306.3,0.001,BTCUSDT
2025-09-30 01:47:11.032,114306.3,0.002,BTCUSDT
2025-09-30 01:47:11.032,114306.1,0.008,BTCUSDT
2025-09-30 01:47:11.032,114306.1,0.005,BTCUSDT
2025-09-30 01:47:11.032,114306.1,0.005,BTCUSDT
2025-09-30 01:47:11.032,114306.1,0.005,BTCUSDT
2025-09-30 01:47:11.032,114306.1,0.005,BTCUSDT
2025-09-30 01:47:11.032,114306.1,0.005,BTCUSDT
2025-09-30 01:47:11.032,114306.1,0.005,BTCUSDT
2025-09-30 01:47:11.032,114306.1,0.005,BTCUSDT
2025-09-30 01:47:11.032,114306.1,0.005,BTCUSDT
2025-09-30 01:47:11.032,114306.1,0.005,BTCUSDT
2025-09-30 01:47:11.032,114305.8,0.001,BTCUSDT
2025-09-30 01:47:11.032,114305.7,0.002,BTCUSDT
2025-09-30 01:47:11.032,114305.7,0.002,BTCUSDT
2025-09-30 01:47:11.032,114305.4,0.001,BTCUSDT
2025-09-30 01:47:11.032,114305.3,0.006,BTCUSDT
2025-09-30 01:47:11.032,114305.3,0.002,BTCUSDT
2025-09-30 01:47:11.032,114305.3,0.072,BTCUSDT
2025-09-30 01:47:11.036,114305.3,0.001,BTCUSDT
2025-09-30 01:47:11.036,114305.3,0.031,BTCUSDT
2025-09-30 01:47:11.037,114305.3,0.001,BTCUSDT
2025-09-30 01:47:11.037,114305.3,0.001,BTCUSDT
2025-09-30 01:47:11.037,114305.2,0.001,BTCUSDT
2025-09-30 01:47:11.037,114305.2,0.001,BTCUSDT
2025-09-30 01:47:11.037,114305.2,0.005,BTCUSDT
2025-09-30 01:47:11.037,114305.2,0.02,BTCUSDT
2025-09-30 01:47:11.037,114305.1,0.048,BTCUSDT
2025-09-30 01:47:11.037,114305.1,0.002,BTCUSDT
2025-09-30 01:47:11.037,114305.1,0.002,BTCUSDT
2025-09-30 01:47:11.037,114305.1,0.064,BTCUSDT
2025-09-30 01:47:11.037,114305.0,0.026,BTCUSDT
2025-09-30 01:47:11.038,114305.0,0.061,BTCUSDT
2025-09-30 01:47:11.038,114305.0,0.001,BTCUSDT
2025-09-30 01:47:11.047,114304.9,0.069,BTCUSDT
2025-09-30 01:47:11.047,114304.9,0.001,BTCUSDT
2025-09-30 01:47:11.047,114304.9,0.001,BTCUSDT
2025-09-30 01:47:11.047,114304.9,0.001,BTCUSDT
2025-09-30 01:47:11.047,114304.8,0.003,BTCUSDT
2025-09-30 01:47:11.047,114304.8,0.001,BTCUSDT
2025-09-30 01:47:11.047,114304.8,0.001,BTCUSDT
2025-09-30 01:47:11.047,114304.7,0.002,BTCUSDT
2025-09-30 01:47:11.047,114304.6,0.006,BTCUSDT
2025-09-30 01:47:11.047,114304.5,0.002,BTCUSDT
2025-09-30 01:47:11.047,114304.0,0.002,BTCUSDT
2025-09-30 01:47:11.047,114303.9,0.001,BTCUSDT
2025-09-30 01:47:11.047,114303.9,0.001,BTCUSDT
2025-09-30 01:47:11.047,114303.9,0.001,BTCUSDT
2025-09-30 01:47:11.047,114303.9,0.002,BTCUSDT
2025-09-30 01:47:11.047,114303.5,0.007,BTCUSDT
2025-09-30 01:47:11.047,114303.3,0.002,BTCUSDT
2025-09-30 01:47:11.048,114303.3,0.002,BTCUSDT
2025-09-30 01:47:11.048,114303.2,0.065,BTCUSDT
2025-09-30 01:47:11.048,114303.0,0.001,BTCUSDT
2025-09-30 01:47:11.048,114302.9,0.001,BTCUSDT
2025-09-30 01:47:11.048,114302.7,0.005,BTCUSDT
2025-09-30 01:47:11.048,114302.7,0.002,BTCUSDT
2025-09-30 01:47:11.048,114302.7,0.002,BTCUSDT
2025-09-30 01:47:11.048,114302.6,0.002,BTCUSDT
2025-09-30 01:47:11.048,114302.4,0.001,BTCUSDT
2025-09-30 01:47:11.048,114302.3,0.001,BTCUSDT
2025-09-30 01:47:11.048,114302.3,0.077,BTCUSDT
2025-09-30 01:47:11.048,114302.2,0.001,BTCUSDT
2025-09-30 01:47:11.048,114302.1,0.002,BTCUSDT
2025-09-30 01:47:11.048,114302.1,0.001,BTCUSDT
2025-09-30 01:47:11.048,114302.1,0.002,BTCUSDT
2025-09-30 01:47:11.048,114301.9,0.002,BTCUSDT
2025-09-30 01:47:11.048,114301.8,0.001,BTCUSDT
2025-09-30 01:47:11.048,114301.6,0.001,BTCUSDT
2025-09-30 01:47:11.048,114301.5,0.001,BTCUSDT
2025-09-30 01:47:11.048,114301.5,0.002,BTCUSDT
2025-09-30 01:47:11.048,114301.2,0.031,BTCUSDT
2025-09-30 01:47:11.048,114301.2,0.004,BTCUSDT
2025-09-30 01:47:11.057,114301.2,0.011,BTCUSDT
2025-09-30 01:47:11.057,114301.2,0.003,BTCUSDT
2025-09-30 01:47:11.058,114301.2,0.009,BTCUSDT
2025-09-30 01:47:11.058,114301.2,0.014,BTCUSDT
2025-09-30 01:47:11.059,114301.2,0.013,BTCUSDT
2025-09-30 01:47:11.059,114301.2,0.029,BTCUSDT
2025-09-30 01:47:11.148,114301.1,0.001,BTCUSDT
2025-09-30 01:47:11.148,114301.1,0.002,BTCUSDT
2025-09-30 01:47:11.148,114301.1,0.047,BTCUSDT
2025-09-30 01:47:11.148,114301.1,0.025,BTCUSDT
2025-09-30 01:47:11.148,114301.1,0.002,BTCUSDT
2025-09-30 01:47:11.148,114301.1,0.002,BTCUSDT
2025-09-30 01:47:11.197,114301.0,0.001,BTCUSDT
2025-09-30 01:47:11.256,114301.1,1.246,BTCUSDT
2025-09-30 01:47:11.256,114301.1,0.528,BTCUSDT
2025-09-30 01:47:12.129,114301.1,0.006,BTCUSDT
2025-09-30 01:47:12.300,114301.0,0.001,BTCUSDT
2025-09-30 01:47:12.300,114301.0,0.002,BTCUSDT
2025-09-30 01:47:12.366,114301.0,0.002,BTCUSDT
2025-09-30 01:47:12.366,114301.0,0.001,BTCUSDT
2025-09-30 01:47:12.366,114301.0,0.001,BTCUSDT
2025-09-30 01:47:12.366,114301.0,0.002,BTCUSDT
2025-09-30 01:47:12.387,114301.0,0.012,BTCUSDT
2025-09-30 01:47:12.437,114301.0,0.002,BTCUSDT
2025-09-30 01:47:12.610,114301.1,0.013,BTCUSDT
2025-09-30 01:47:12.936,114301.0,0.021,BTCUSDT
2025-09-30 01:47:13.030,114301.0,0.009,BTCUSDT
2025-09-30 01:47:13.293,114301.0,0.005,BTCUSDT
2025-09-30 01:47:13.378,114301.0,0.247,BTCUSDT
2025-09-30 01:47:13.378,114301.0,0.003,BTCUSDT
2025-09-30 01:47:13.395,114301.0,0.024,BTCUSDT
2025-09-30 01:47:13.395,114301.0,0.003,BTCUSDT
2025-09-30 01:47:13.395,114301.0,0.015,BTCUSDT
2025-09-30 01:47:13.395,114301.0,0.004,BTCUSDT
2025-09-30 01:47:13.395,114301.0,0.004,BTCUSDT
2025-09-30 01:47:13.395,114301.0,0.002,BTCUSDT
2025-09-30 01:47:13.395,114301.0,0.001,BTCUSDT
2025-09-30 01:47:13.395,114300.9,0.002,BTCUSDT
2025-09-30 01:47:13.395,114300.9,0.001,BTCUSDT
2025-09-30 01:47:13.395,114300.9,0.001,BTCUSDT
2025-09-30 01:47:13.395,114300.8,0.017,BTCUSDT
2025-09-30 01:47:13.395,114300.7,0.002,BTCUSDT
2025-09-30 01:47:13.395,114300.4,0.003,BTCUSDT
2025-09-30 01:47:13.395,114300.4,0.008,BTCUSDT
2025-09-30 01:47:13.395,114300.3,0.003,BTCUSDT
2025-09-30 01:47:13.395,114300.3,0.002,BTCUSDT
2025-09-30 01:47:13.395,114300.2,0.008,BTCUSDT
2025-09-30 01:47:13.395,114300.1,0.006,BTCUSDT
2025-09-30 01:47:13.395,114300.1,0.003,BTCUSDT
2025-09-30 01:47:13.413,114300.0,0.001,BTCUSDT
2025-09-30 01:47:13.413,114300.0,0.001,BTCUSDT
2025-09-30 01:47:13.413,114300.0,0.003,BTCUSDT
2025-09-30 01:47:13.413,114300.0,0.001,BTCUSDT
2025-09-30 01:47:13.413,114300.0,0.006,BTCUSDT
2025-09-30 01:47:13.413,114300.0,0.001,BTCUSDT
2025-09-30 01:47:13.413,114300.0,0.048,BTCUSDT
2025-09-30 01:47:13.413,114300.0,0.003,BTCUSDT
2025-09-30 01:47:13.413,114300.0,0.002,BTCUSDT
2025-09-30 01:47:13.413,114300.0,0.001,BTCUSDT
2025-09-30 01:47:13.413,114300.0,0.001,BTCUSDT
2025-09-30 01:47:13.413,114300.0,0.001,BTCUSDT
2025-09-30 01:47:13.413,114300.0,0.01,BTCUSDT
2025-09-30 01:47:13.413,114300.0,0.013,BTCUSDT
2025-09-30 01:47:13.413,114300.0,0.006,BTCUSDT
2025-09-30 01:47:13.413,114300.0,0.002,BTCUSDT
2025-09-30 01:47:13.799,114300.1,0.03,BTCUSDT
2025-09-30 01:47:13.896,114300.0,0.002,BTCUSDT
2025-09-30 01:47:13.896,114300.0,0.003,BTCUSDT
2025-09-30 01:47:13.938,114300.1,0.436,BTCUSDT
2025-09-30 01:47:14.030,114300.0,0.006,BTCUSDT
2025-09-30 01:47:14.030,114300.0,0.002,BTCUSDT
2025-09-30 01:47:14.030,114300.0,0.046,BTCUSDT
2025-09-30 01:47:14.030,114300.0,0.005,BTCUSDT
2025-09-30 01:47:14.030,114300.0,0.044,BTCUSDT
2025-09-30 01:47:14.030,114300.0,0.002,BTCUSDT
2025-09-30 01:47:14.030,114300.0,0.001,BTCUSDT
2025-09-30 01:47:14.030,114300.0,0.001,BTCUSDT
2025-09-30 01:47:14.030,114300.0,0.01,BTCUSDT
2025-09-30 01:47:14.030,114300.0,0.001,BTCUSDT
2025-09-30 01:47:14.030,114300.0,0.109,BTCUSDT
2025-09-30 01:47:14.030,114300.0,0.001,BTCUSDT
2025-09-30 01:47:14.030,114300.0,0.001,BTCUSDT
2025-09-30 01:47:14.030,114300.0,0.003,BTCUSDT
2025-09-30 01:47:14.030,114300.0,0.04,BTCUSDT
2025-09-30 01:47:14.030,114300.0,0.052,BTCUSDT
2025-09-30 01:47:14.030,114300.0,0.002,BTCUSDT
2025-09-30 01:47:14.030,114300.0,0.001,BTCUSDT
2025-09-30 01:47:14.031,114300.0,0.071,BTCUSDT
2025-09-30 01:47:14.031,114300.0,0.032,BTCUSDT
2025-09-30 01:47:14.031,114300.0,0.02,BTCUSDT
2025-09-30 01:47:14.031,114300.0,0.004,BTCUSDT
2025-09-30 01:47:14.031,114300.1,0.046,BTCUSDT
2025-09-30 01:47:14.031,114300.0,0.002,BTCUSDT
2025-09-30 01:47:14.031,114300.0,0.001,BTCUSDT
2025-09-30 01:47:14.031,114300.0,0.001,BTCUSDT
2025-09-30 01:47:14.031,114300.0,0.03,BTCUSDT
2025-09-30 01:47:14.031,114300.0,0.001,BTCUSDT
2025-09-30 01:47:14.031,114300.1,0.014,BTCUSDT
2025-09-30 01:47:14.031,114300.0,0.01,BTCUSDT
2025-09-30 01:47:14.031,114300.0,0.001,BTCUSDT
2025-09-30 01:47:14.031,114300.0,0.024,BTCUSDT
2025-09-30 01:47:14.238,114300.0,0.018,BTCUSDT
2025-09-30 01:47:14.340,114300.0,0.002,BTCUSDT
2025-09-30 01:47:14.346,114300.0,0.004,BTCUSDT
2025-09-30 01:47:14.408,114300.0,0.002,BTCUSDT
2025-09-30 01:47:14.497,114300.0,0.022,BTCUSDT
2025-09-30 01:47:14.497,114300.0,0.01,BTCUSDT
2025-09-30 01:47:14.497,114300.0,0.002,BTCUSDT
2025-09-30 01:47:14.497,114300.0,0.001,BTCUSDT
2025-09-30 01:47:14.497,114300.0,0.003,BTCUSDT
2025-09-30 01:47:14.497,114300.0,0.002,BTCUSDT
2025-09-30 01:47:14.613,114300.1,0.022,BTCUSDT
2025-09-30 01:47:14.666,114300.1,0.002,BTCUSDT
2025-09-30 01:47:15.218,114300.1,0.002,BTCUSDT
2025-09-30 01:47:15.594,114300.0,0.002,BTCUSDT
2025-09-30 01:47:15.594,114300.0,0.026,BTCUSDT
2025-09-30 01:47:15.594,114300.0,0.001,BTCUSDT
2025-09-30 01:47:15.594,114300.0,0.001,BTCUSDT
2025-09-30 01:47:15.594,114300.0,0.07,BTCUSDT
2025-09-30 01:47:15.897,114300.1,0.034,BTCUSDT
2025-09-30 01:47:15.897,114300.1,0.006,BTCUSDT
2025-09-30 01:47:16.073,114300.0,0.001,BTCUSDT
2025-09-30 01:47:16.376,114300.0,0.001,BTCUSDT
2025-09-30 01:47:16.438,114300.0,0.018,BTCUSDT
2025-09-30 01:47:16.736,114300.0,0.006,BTCUSDT
2025-09-30 01:47:17.000,114300.0,0.003,BTCUSDT
2025-09-30 01:47:17.008,114300.1,0.016,BTCUSDT
2025-09-30 01:47:17.068,114300.1,0.002,BTCUSDT
2025-09-30 01:47:17.070,114300.0,0.002,BTCUSDT
2025-09-30 01:47:17.188,114300.0,0.155,BTCUSDT
2025-09-30 01:47:17.531,114300.0,0.011,BTCUSDT
2025-09-30 01:47:17.568,114300.0,0.002,BTCUSDT
2025-09-30 01:47:17.728,114300.0,0.146,BTCUSDT
2025-09-30 01:47:17.728,114300.0,0.09,BTCUSDT
2025-09-30 01:47:17.728,114300.0,0.002,BTCUSDT
2025-09-30 01:47:17.728,114300.0,0.014,BTCUSDT
2025-09-30 01:47:17.855,114300.0,0.001,BTCUSDT
2025-09-30 01:47:17.979,114300.1,1.455,BTCUSDT
2025-09-30 01:47:17.979,114300.1,0.2,BTCUSDT
2025-09-30 01:47:17.979,114300.1,0.41,BTCUSDT
2025-09-30 01:47:18.110,114300.0,0.076,BTCUSDT
2025-09-30 01:47:18.138,114300.0,0.001,BTCUSDT
2025-09-30 01:47:18.184,114300.0,0.03,BTCUSDT
2025-09-30 01:47:18.184,114300.0,0.1,BTCUSDT
2025-09-30 01:47:18.184,114300.0,0.203,BTCUSDT
2025-09-30 01:47:18.246,114300.1,0.065,BTCUSDT
2025-09-30 01:47:18.544,114300.0,0.001,BTCUSDT
2025-09-30 01:47:18.666,114300.0,0.01,BTCUSDT
2025-09-30 01:47:18.881,114300.0,0.005,BTCUSDT
2025-09-30 01:47:18.896,114300.0,0.001,BTCUSDT
2025-09-30 01:47:19.167,114300.1,0.002,BTCUSDT
2025-09-30 01:47:19.469,114300.1,0.003,BTCUSDT
2025-09-30 01:47:19.548,114300.1,0.008,BTCUSDT
2025-09-30 01:47:19.597,114300.0,0.008,BTCUSDT
2025-09-30 01:47:19.644,114300.0,0.001,BTCUSDT
2025-09-30 01:47:19.876,114300.0,0.185,BTCUSDT
2025-09-30 01:47:19.876,114300.0,0.005,BTCUSDT
2025-09-30 01:47:19.876,114300.0,0.026,BTCUSDT
2025-09-30 01:47:19.876,114300.0,0.1,BTCUSDT
2025-09-30 01:47:19.876,114300.0,0.001,BTCUSDT
2025-09-30 01:47:19.876,114300.0,0.001,BTCUSDT
2025-09-30 01:47:19.876,114300.0,0.001,BTCUSDT
2025-09-30 01:47:19.876,114300.0,0.003,BTCUSDT
2025-09-30 01:47:19.876,114300.0,0.001,BTCUSDT
2025-09-30 01:47:19.876,114300.0,0.001,BTCUSDT
2025-09-30 01:47:19.876,114300.0,0.004,BTCUSDT
2025-09-30 01:47:19.876,114300.0,0.006,BTCUSDT
2025-09-30 01:47:19.876,114300.0,0.005,BTCUSDT
2025-09-30 01:47:19.876,114300.0,0.002,BTCUSDT
2025-09-30 01:47:19.876,114300.0,0.001,BTCUSDT
2025-09-30 01:47:19.876,114300.0,0.128,BTCUSDT
2025-09-30 01:47:19.876,114300.0,0.01,BTCUSDT
2025-09-30 01:47:19.876,114300.0,0.001,BTCUSDT
2025-09-30 01:47:19.876,114300.0,0.017,BTCUSDT
2025-09-30 01:47:19.876,114300.0,0.001,BTCUSDT
2025-09-30 01:47:19.876,114300.0,0.094,BTCUSDT
2025-09-30 01:47:19.881,114300.0,0.006,BTCUSDT
2025-09-30 01:47:19.881,114300.0,0.021,BTCUSDT
2025-09-30 01:47:19.881,114300.0,0.004,BTCUSDT
2025-09-30 01:47:19.881,114300.0,0.051,BTCUSDT
2025-09-30 01:47:19.881,114300.0,0.002,BTCUSDT
2025-09-30 01:47:19.881,114300.0,0.004,BTCUSDT
2025-09-30 01:47:19.881,114299.9,0.012,BTCUSDT
2025-09-30 01:47:19.881,114299.9,0.001,BTCUSDT
2025-09-30 01:47:19.881,114299.9,0.001,BTCUSDT
2025-09-30 01:47:19.881,114299.8,0.002,BTCUSDT
2025-09-30 01:47:19.881,114299.7,0.002,BTCUSDT
2025-09-30 01:47:19.881,114299.6,0.027,BTCUSDT
2025-09-30 01:47:19.881,114299.5,0.001,BTCUSDT
2025-09-30 01:47:19.881,114299.5,0.001,BTCUSDT
2025-09-30 01:47:19.881,114299.5,0.001,BTCUSDT
2025-09-30 01:47:19.881,114299.5,0.002,BTCUSDT
2025-09-30 01:47:19.881,114299.1,0.002,BTCUSDT
2025-09-30 01:47:19.881,114298.9,0.002,BTCUSDT
2025-09-30 01:47:19.881,114298.8,0.001,BTCUSDT
2025-09-30 01:47:19.881,114298.8,0.036,BTCUSDT
2025-09-30 01:47:19.885,114298.8,0.005,BTCUSDT
2025-09-30 01:47:19.910,114298.8,0.001,BTCUSDT
2025-09-30 01:47:19.923,114298.7,0.1,BTCUSDT
2025-09-30 01:47:20.293,114298.7,0.038,BTCUSDT
2025-09-30 01:47:20.293,114298.7,0.001,BTCUSDT
2025-09-30 01:47:20.293,114298.7,0.004,BTCUSDT
2025-09-30 01:47:20.469,114298.7,0.002,BTCUSDT
2025-09-30 01:47:20.849,114298.7,0.003,BTCUSDT
